
%@string{ProcNAS = "Proceedings of the National Academy of Sciences"}

@string{ProcNAS="Proc. Nat. Acad. Sci."}


%%%%%%%%%%%%%%%%%%%%%%%%%%%%%%%%%%%%
% papers
%%%%%%%%%%%%%%%%%%%%%%%%%%%%%%%%%%%%


%%%%%%%%%%%%%%%%%%%%%%%%%%%%%%%%%%%%
% manuals
%%%%%%%%%%%%%%%%%%%%%%%%%%%%%%%%%%%%

@Manual{R.2012,
    title = {R: A Language and Environment for Statistical Computing},
    author = {{R Development Core Team}},
    organization = {R Foundation for Statistical Computing},
    address = {Vienna, Austria},
    year = {2012},
    note = {{ISBN} 3-900051-07-0},
    url = {http://www.R-project.org/},
  }

@Manual{INLA.2009,
    title = {INLA: Functions which allow to perform a full Bayesian analysis of
structured (geo-)additive models using Integrated Nested
Laplace Approximaxion},
    author = {Havard Rue and Sara Martino and Finn Lindgren},
    year = {2009},
    note = {R package version 0.0},
  }

%%%%%%%%%%%%%%%%%%%%%%%%%%%%%%%%%%%%
% books
%%%%%%%%%%%%%%%%%%%%%%%%%%%%%%%%%%%%

@book{Rue_Held.2005,
  author 	= {H. Rue and L. Held}, 
  title 		= {Gaussian Markov Random Fields: Theory and Applications}, 
  publisher 	= {Chapman and Hall/CRC},
  year 		= 2005,
}
